@article{Patriat_1984,
  doi = {10.1038/311615a0},
  url = {http://dx.doi.org/10.1038/311615a0},
  year = {1984},
  month = {oct},
  publisher = {Nature Publishing Group},
  volume = {311},
  number = {5987},
  pages = {615--621},
  author = {Philippe Patriat and Jos{\'{e}} Achache},
  title = {{India{\textendash}Eurasia collision chronology has implications for crustal shortening and driving mechanism of plates}},
  journal = {Nature},
}
